@book{chang2008introduction,
  title={Introduction to geographic information systems},
  author={Chang, Kang-Tsung},
  year={2018},
  publisher={Mcgraw-hill Boston}
}
